Date,Transaction_Type,Amount,Category,Balance
2025-03-15 03:45:26+00:00,CR,54657.54,INVOICE-PAYMENT-4127,154657.54
2025-03-17 07:58:25+00:00,DR,67032.41,RAW-MATERIAL-3549,87625.13
2025-03-17 14:22:32+00:00,CR,18482.72,UPI-CUSTOMER-3539,106107.85
2025-03-18 07:30:22+00:00,DR,27735.34,VENDOR-PAYMENT-4732,78372.51
2025-03-18 17:35:02+00:00,CR,43664.15,NEFT-CLIENT-4467,122036.66
2025-03-18 18:13:18+00:00,DR,47285.93,VENDOR-PAYMENT-6653,74750.73
2025-03-19 04:23:47+00:00,DR,3833.41,WATER-2625,70917.32
2025-03-19 18:07:47+00:00,DR,4440.77,OFFICE-RENT-5782,66476.55
2025-03-20 09:25:53+00:00,DR,70319.73,VENDOR-PAYMENT-5844,-3843.18
2025-03-21 10:15:22+00:00,DR,2440.23,WATER-6156,-6283.41
2025-03-21 11:39:27+00:00,DR,4796.42,INTERNET-9281,-11079.83
2025-03-22 16:04:27+00:00,CR,20576.07,NEFT-CLIENT-7964,9496.24
2025-03-22 16:08:09+00:00,DR,2997.35,INTERNET-4664,6498.89
2025-03-22 18:56:19+00:00,DR,55058.66,RAW-MATERIAL-4592,-48559.77
2025-03-22 19:30:40+00:00,DR,12533.26,VENDOR-PAYMENT-5016,-61093.03
2025-03-24 15:40:36+00:00,CR,5973.73,NEFT-CLIENT-1690,-55119.3
2025-03-26 04:54:31+00:00,CR,128304.27,INVOICE-PAYMENT-9736,73184.97
2025-03-26 11:12:28+00:00,DR,8032.5,CASH-ATM-3102,65152.47
2025-03-26 22:16:05+00:00,CR,91352.45,SALES-POS-4323,156504.92
2025-03-27 00:43:42+00:00,CR,62933.14,INVOICE-PAYMENT-7664,219438.06
2025-03-27 10:20:45+00:00,CR,99108.89,NEFT-CLIENT-4982,318546.95
2025-03-27 19:10:33+00:00,CR,139871.0,UPI-CUSTOMER-5838,458417.95
2025-03-28 02:11:33+00:00,DR,32909.76,RAW-MATERIAL-6685,425508.19
2025-03-28 09:48:12+00:00,CR,58459.91,NEFT-CLIENT-4729,483968.1
2025-03-29 12:52:47+00:00,DR,3508.23,OFFICE-RENT-2385,480459.87
2025-03-29 15:20:01+00:00,DR,11705.75,VENDOR-PAYMENT-9202,468754.12
2025-03-29 19:06:55+00:00,CR,55338.54,UPI-CUSTOMER-8541,524092.66
2025-03-30 16:00:36+00:00,DR,2238.7,OFFICE-RENT-3049,521853.96
2025-03-31 00:36:34+00:00,DR,769.92,CASH-ATM-1714,521084.04
2025-03-31 00:53:31+00:00,DR,3590.41,ELECTRICITY-9195,517493.63
2025-03-31 06:09:58+00:00,CR,99476.36,SALES-POS-4505,616969.99
2025-04-01 19:00:14+00:00,DR,1313.65,INTERNET-3520,615656.34
2025-04-02 01:55:54+00:00,CR,133686.17,NEFT-CLIENT-3682,749342.51
2025-04-03 18:56:04+00:00,DR,12056.17,FEE-PENALTY-2108,737286.34
2025-04-04 02:26:59+00:00,DR,5194.26,FEE-PENALTY-2353,732092.08
2025-04-04 06:51:26+00:00,DR,69445.06,VENDOR-PAYMENT-3652,662647.02
2025-04-04 17:34:04+00:00,DR,1175.69,FEE-PENALTY-9800,661471.33
2025-04-05 08:58:54+00:00,CR,111342.94,SALES-POS-3679,772814.27
2025-04-05 18:20:35+00:00,DR,60716.0,SUPPLIER-RTGS-8781,712098.27
2025-04-05 22:43:01+00:00,CR,15442.59,SALES-POS-8692,727540.86
2025-04-05 23:12:24+00:00,DR,10010.25,CASH-ATM-7253,717530.61
2025-04-06 16:07:24+00:00,CR,62152.51,NEFT-CLIENT-8088,779683.12
2025-04-06 17:51:27+00:00,DR,13698.19,EMI-LOAN-3042,765984.93
2025-04-06 18:07:03+00:00,DR,58537.89,VENDOR-PAYMENT-1563,707447.04
2025-04-07 06:43:30+00:00,CR,133643.05,INVOICE-PAYMENT-4862,841090.09
2025-04-07 17:01:57+00:00,DR,12336.61,RAW-MATERIAL-8420,828753.48
2025-04-07 17:24:58+00:00,DR,3960.25,WATER-5266,824793.23
2025-04-07 23:54:23+00:00,DR,13323.39,CASH-ATM-6116,811469.84
2025-04-08 01:32:50+00:00,DR,5510.24,CASH-ATM-4872,805959.6
2025-04-08 04:04:00+00:00,DR,51876.5,VENDOR-PAYMENT-8950,754083.1
2025-04-08 12:33:14+00:00,DR,3738.73,INTERNET-1088,750344.37
2025-04-08 14:59:27+00:00,CR,97047.15,NEFT-CLIENT-9578,847391.52
2025-04-08 15:33:04+00:00,CR,85579.64,UPI-CUSTOMER-2577,932971.16
2025-04-08 16:23:26+00:00,CR,97074.62,NEFT-CLIENT-8863,1030045.78
2025-04-08 17:42:32+00:00,DR,9928.49,FEE-PENALTY-8263,1020117.29
2025-04-09 03:35:25+00:00,DR,1225.26,WATER-1826,1018892.03
2025-04-10 08:24:12+00:00,DR,62038.02,VENDOR-PAYMENT-7083,956854.01
2025-04-12 13:15:27+00:00,DR,1368.04,CASH-ATM-2809,955485.97
2025-04-12 15:05:07+00:00,CR,86274.68,INVOICE-PAYMENT-9169,1041760.65
2025-04-13 06:57:32+00:00,CR,112837.92,SALES-POS-2018,1154598.57
2025-04-13 17:10:49+00:00,DR,24874.46,VENDOR-PAYMENT-6937,1129724.11
2025-04-14 08:26:58+00:00,DR,45082.04,SUPPLIER-RTGS-3230,1084642.07
2025-04-14 10:19:51+00:00,DR,9408.52,EMI-LOAN-4782,1075233.55
2025-04-14 13:58:28+00:00,DR,74656.26,SUPPLIER-RTGS-8818,1000577.29
2025-04-14 16:13:40+00:00,DR,14174.03,RAW-MATERIAL-8489,986403.26
2025-04-14 17:02:01+00:00,DR,40755.21,VENDOR-PAYMENT-6179,945648.05
2025-04-15 11:26:05+00:00,DR,67371.55,VENDOR-PAYMENT-7304,878276.5
2025-04-15 11:34:36+00:00,CR,45158.56,INVOICE-PAYMENT-2289,923435.06
2025-04-16 07:12:33+00:00,DR,39587.73,VENDOR-PAYMENT-5091,883847.33
2025-04-16 08:38:12+00:00,DR,48507.91,VENDOR-PAYMENT-4530,835339.42
2025-04-17 05:17:07+00:00,DR,50038.34,RAW-MATERIAL-7841,785301.08
2025-04-17 06:52:54+00:00,DR,3559.06,CASH-ATM-2087,781742.02
2025-04-18 17:34:57+00:00,DR,18850.1,VENDOR-PAYMENT-8270,762891.92
2025-04-18 22:56:53+00:00,DR,4523.52,EMI-LOAN-1645,758368.4
2025-04-19 10:50:03+00:00,DR,39294.72,RAW-MATERIAL-1110,719073.68
2025-04-19 21:18:00+00:00,CR,7805.67,UPI-CUSTOMER-1400,726879.35
2025-04-19 22:38:51+00:00,DR,5512.02,CASH-ATM-1239,721367.33
2025-04-20 13:22:36+00:00,DR,48523.36,VENDOR-PAYMENT-5889,672843.97
2025-04-20 17:55:04+00:00,CR,122481.12,NEFT-CLIENT-5056,795325.09
2025-04-21 01:41:26+00:00,DR,3959.46,INTERNET-1081,791365.63
2025-04-21 21:04:38+00:00,DR,2999.13,CASH-ATM-2448,788366.5
2025-04-21 21:21:20+00:00,DR,1453.02,EMI-LOAN-7923,786913.48
2025-04-22 14:25:41+00:00,CR,34052.94,INVOICE-PAYMENT-9237,820966.42
2025-04-22 16:03:27+00:00,DR,55295.29,VENDOR-PAYMENT-6194,765671.13
2025-04-23 10:38:09+00:00,DR,10534.41,FEE-PENALTY-7523,755136.72
2025-04-23 21:51:19+00:00,DR,1582.39,ELECTRICITY-6078,753554.33
2025-04-24 05:41:21+00:00,CR,105557.79,INVOICE-PAYMENT-7071,859112.12
2025-04-24 06:35:38+00:00,DR,64654.23,RAW-MATERIAL-9607,794457.89
2025-04-26 10:39:13+00:00,DR,1802.28,WATER-6619,792655.61
2025-04-27 09:42:55+00:00,DR,11316.53,CASH-ATM-1192,781339.08
2025-04-27 16:56:13+00:00,DR,11963.82,FEE-PENALTY-5129,769375.26
2025-04-28 03:42:39+00:00,DR,1117.58,EMI-LOAN-1541,768257.68
2025-04-28 07:19:10+00:00,CR,131889.42,INVOICE-PAYMENT-4686,900147.1
2025-04-29 02:53:04+00:00,DR,4979.04,OFFICE-RENT-5333,895168.06
2025-04-29 19:11:02+00:00,CR,123816.76,NEFT-CLIENT-8534,1018984.82
2025-04-30 01:38:36+00:00,DR,13258.78,VENDOR-PAYMENT-1566,1005726.04
2025-04-30 05:01:17+00:00,CR,132879.92,SALES-POS-3268,1138605.96
2025-04-30 05:16:23+00:00,DR,5510.75,FEE-PENALTY-2710,1133095.21
2025-05-01 20:48:12+00:00,CR,57892.35,SALES-POS-2964,1190987.56
2025-05-01 23:10:01+00:00,DR,67429.2,SUPPLIER-RTGS-7393,1123558.36
2025-05-02 06:34:53+00:00,CR,75244.44,SALES-POS-1961,1198802.8
2025-05-02 08:32:02+00:00,DR,11713.07,VENDOR-PAYMENT-5163,1187089.73
2025-05-02 17:36:15+00:00,DR,45403.9,RAW-MATERIAL-8996,1141685.83
2025-05-02 17:52:33+00:00,DR,3910.64,EMI-LOAN-4646,1137775.19
2025-05-03 03:47:30+00:00,CR,67197.24,NEFT-CLIENT-9569,1204972.43
2025-05-03 15:47:09+00:00,CR,99072.8,SALES-POS-9187,1304045.23
2025-05-03 17:51:52+00:00,CR,53400.68,INVOICE-PAYMENT-6987,1357445.91
2025-05-04 04:21:42+00:00,CR,10197.09,NEFT-CLIENT-2515,1367643.0
2025-05-04 12:20:20+00:00,CR,76564.92,NEFT-CLIENT-2132,1444207.92
2025-05-05 15:30:59+00:00,CR,112350.82,SALES-POS-6135,1556558.74
2025-05-06 06:26:30+00:00,CR,99367.71,UPI-CUSTOMER-6744,1655926.45
2025-05-06 10:48:05+00:00,DR,59399.25,VENDOR-PAYMENT-9435,1596527.2
2025-05-06 12:24:46+00:00,DR,24771.04,SUPPLIER-RTGS-3081,1571756.16
2025-05-06 23:12:57+00:00,DR,4499.93,INTERNET-3594,1567256.23
2025-05-07 02:16:59+00:00,CR,30366.73,NEFT-CLIENT-2537,1597622.96
2025-05-07 10:31:29+00:00,DR,12826.44,EMI-LOAN-3255,1584796.52
2025-05-08 09:28:27+00:00,DR,12019.79,EMI-LOAN-8279,1572776.73
2025-05-08 19:36:53+00:00,DR,13211.37,FEE-PENALTY-1464,1559565.36
2025-05-09 03:53:13+00:00,DR,73527.84,VENDOR-PAYMENT-3550,1486037.52
2025-05-09 10:38:46+00:00,CR,108339.93,NEFT-CLIENT-9775,1594377.45
2025-05-09 14:14:58+00:00,DR,4579.91,INTERNET-2551,1589797.54
2025-05-10 09:20:39+00:00,CR,90494.18,UPI-CUSTOMER-4870,1680291.72
2025-05-10 14:57:47+00:00,DR,67902.54,VENDOR-PAYMENT-4456,1612389.18
2025-05-11 14:11:20+00:00,CR,68837.9,NEFT-CLIENT-9893,1681227.08
2025-05-11 14:59:22+00:00,DR,4425.91,INTERNET-7733,1676801.17
2025-05-12 01:58:33+00:00,CR,65976.89,INVOICE-PAYMENT-4370,1742778.06
2025-05-12 09:22:04+00:00,DR,9931.8,EMI-LOAN-5914,1732846.26
2025-05-12 17:05:14+00:00,CR,137454.08,NEFT-CLIENT-9938,1870300.34
2025-05-14 00:26:24+00:00,DR,74995.4,RAW-MATERIAL-7204,1795304.94
2025-05-14 06:11:37+00:00,CR,46257.61,SALES-POS-9615,1841562.55
2025-05-14 08:56:02+00:00,DR,9803.21,CASH-ATM-3669,1831759.34
2025-05-14 13:39:07+00:00,DR,4146.56,WATER-7814,1827612.78
2025-05-14 23:23:01+00:00,CR,87535.31,UPI-CUSTOMER-6801,1915148.09
2025-05-15 06:37:32+00:00,CR,105907.55,INVOICE-PAYMENT-9636,2021055.64
2025-05-15 08:38:55+00:00,DR,14343.53,VENDOR-PAYMENT-9364,2006712.11
2025-05-15 10:59:31+00:00,CR,67183.32,SALES-POS-4017,2073895.43
2025-05-15 15:25:50+00:00,CR,116932.67,INVOICE-PAYMENT-2924,2190828.1
2025-05-16 13:40:25+00:00,CR,52981.84,NEFT-CLIENT-2209,2243809.94
2025-05-16 21:17:13+00:00,CR,92369.22,NEFT-CLIENT-9296,2336179.16
2025-05-17 06:43:37+00:00,DR,7234.35,CASH-ATM-5721,2328944.81
2025-05-17 10:38:42+00:00,DR,3773.84,INTERNET-9151,2325170.97
2025-05-17 11:00:25+00:00,CR,10071.8,INVOICE-PAYMENT-3276,2335242.77
2025-05-18 12:20:54+00:00,DR,47250.53,SUPPLIER-RTGS-7938,2287992.24
2025-05-18 18:23:43+00:00,DR,12125.84,RAW-MATERIAL-2425,2275866.4
2025-05-18 18:35:06+00:00,DR,11517.12,EMI-LOAN-3513,2264349.28
2025-05-19 11:57:25+00:00,DR,7705.51,CASH-ATM-2941,2256643.77
2025-05-19 13:01:58+00:00,DR,1272.89,INTERNET-1030,2255370.88
2025-05-20 04:56:43+00:00,DR,1924.81,FEE-PENALTY-1266,2253446.07
2025-05-20 17:35:23+00:00,CR,24820.42,SALES-POS-5540,2278266.49
2025-05-21 17:39:48+00:00,CR,10063.27,SALES-POS-1702,2288329.76
2025-05-22 04:50:27+00:00,DR,3639.28,OFFICE-RENT-9700,2284690.48
2025-05-23 06:43:48+00:00,CR,76861.6,NEFT-CLIENT-3892,2361552.08
2025-05-23 10:55:28+00:00,DR,1437.62,ELECTRICITY-9921,2360114.46
2025-05-24 04:50:43+00:00,CR,117413.96,INVOICE-PAYMENT-7293,2477528.42
2025-05-24 09:31:05+00:00,CR,15583.05,UPI-CUSTOMER-4560,2493111.47
2025-05-24 17:07:17+00:00,DR,57693.53,RAW-MATERIAL-5818,2435417.94
2025-05-24 23:20:58+00:00,DR,4178.67,FEE-PENALTY-3312,2431239.27
2025-05-25 02:01:16+00:00,DR,23143.76,VENDOR-PAYMENT-8410,2408095.51
2025-05-25 11:48:47+00:00,DR,66233.68,VENDOR-PAYMENT-8573,2341861.83
2025-05-26 02:53:22+00:00,DR,16844.92,SUPPLIER-RTGS-4773,2325016.91
2025-05-27 08:20:46+00:00,DR,66170.13,RAW-MATERIAL-9725,2258846.78
2025-05-27 08:20:55+00:00,DR,4120.21,FEE-PENALTY-3121,2254726.57
2025-05-27 10:50:14+00:00,DR,3446.02,ELECTRICITY-6119,2251280.55
2025-05-27 13:15:10+00:00,DR,871.62,FEE-PENALTY-9183,2250408.93
2025-05-28 17:07:44+00:00,DR,2321.25,OFFICE-RENT-3068,2248087.68
2025-05-29 07:10:27+00:00,CR,85024.83,SALES-POS-7174,2333112.51
2025-05-30 16:08:55+00:00,DR,3260.22,ELECTRICITY-6628,2329852.29
2025-05-31 03:50:06+00:00,DR,4630.02,ELECTRICITY-8490,2325222.27
2025-05-31 20:43:18+00:00,CR,58334.66,NEFT-CLIENT-6648,2383556.93
2025-06-01 05:59:23+00:00,CR,50157.12,NEFT-CLIENT-9510,2433714.05
2025-06-01 15:40:23+00:00,DR,11325.06,EMI-LOAN-2915,2422388.99
2025-06-02 01:49:11+00:00,CR,9180.51,SALES-POS-9199,2431569.5
2025-06-02 03:44:07+00:00,DR,12443.26,CASH-ATM-1676,2419126.24
2025-06-02 14:52:35+00:00,DR,3683.49,EMI-LOAN-1487,2415442.75
2025-06-03 05:11:31+00:00,CR,37963.0,SALES-POS-6830,2453405.75
2025-06-03 11:00:28+00:00,CR,109478.3,INVOICE-PAYMENT-5756,2562884.05
2025-06-03 22:23:12+00:00,DR,16562.79,VENDOR-PAYMENT-4277,2546321.26
2025-06-04 03:19:18+00:00,DR,1704.17,ELECTRICITY-3421,2544617.09
2025-06-05 05:09:46+00:00,DR,52747.61,VENDOR-PAYMENT-3943,2491869.48
2025-06-05 08:22:24+00:00,CR,74346.16,SALES-POS-8305,2566215.64
2025-06-05 09:42:38+00:00,DR,64440.54,SUPPLIER-RTGS-2457,2501775.1
2025-06-06 09:08:14+00:00,DR,38318.59,SUPPLIER-RTGS-5246,2463456.51
2025-06-06 17:13:45+00:00,DR,13012.0,EMI-LOAN-8842,2450444.51
2025-06-07 05:06:32+00:00,CR,90470.28,INVOICE-PAYMENT-2482,2540914.79
2025-06-09 00:51:48+00:00,DR,1547.2,INTERNET-6961,2539367.59
2025-06-09 16:06:46+00:00,DR,2034.65,ELECTRICITY-9246,2537332.94
2025-06-10 01:57:38+00:00,DR,2109.62,OFFICE-RENT-3393,2535223.32
2025-06-11 12:55:51+00:00,DR,1332.03,EMI-LOAN-2245,2533891.29
2025-06-12 02:57:55+00:00,CR,21472.83,NEFT-CLIENT-4922,2555364.12
2025-06-12 10:55:09+00:00,DR,1846.94,OFFICE-RENT-7250,2553517.18
2025-06-12 18:27:03+00:00,DR,57779.94,SUPPLIER-RTGS-7486,2495737.24
2025-06-13 04:28:19+00:00,DR,2672.48,WATER-1217,2493064.76
2025-06-13 17:43:28+00:00,CR,53786.22,INVOICE-PAYMENT-3610,2546850.98
2025-06-13 21:31:34+00:00,DR,2758.3,ELECTRICITY-3520,2544092.68
2025-06-13 22:34:20+00:00,CR,36053.67,UPI-CUSTOMER-1197,2580146.35
2025-06-14 02:44:25+00:00,DR,3439.23,FEE-PENALTY-1075,2576707.12
2025-06-14 03:20:32+00:00,CR,96487.54,NEFT-CLIENT-8152,2673194.66
2025-06-14 16:06:38+00:00,CR,92683.19,UPI-CUSTOMER-4450,2765877.85
2025-06-15 04:59:08+00:00,CR,15123.47,UPI-CUSTOMER-4404,2781001.32
2025-06-15 10:55:02+00:00,CR,95699.88,NEFT-CLIENT-6074,2876701.2
2025-06-16 03:39:23+00:00,CR,97938.62,SALES-POS-1439,2974639.82
2025-06-16 03:57:04+00:00,CR,30405.27,INVOICE-PAYMENT-5307,3005045.09
2025-06-16 04:55:23+00:00,DR,11133.42,FEE-PENALTY-5792,2993911.67
2025-06-16 14:10:47+00:00,CR,92368.82,INVOICE-PAYMENT-2807,3086280.49
2025-06-17 04:34:07+00:00,DR,36689.09,RAW-MATERIAL-8774,3049591.4
2025-06-17 08:00:08+00:00,CR,93717.97,INVOICE-PAYMENT-4037,3143309.37
2025-06-17 20:18:50+00:00,CR,51327.78,NEFT-CLIENT-9143,3194637.15
2025-06-17 21:33:04+00:00,DR,3431.94,WATER-8298,3191205.21
2025-06-18 10:15:29+00:00,DR,2934.36,ELECTRICITY-4390,3188270.85
2025-06-18 20:59:55+00:00,DR,72889.18,RAW-MATERIAL-8257,3115381.67
2025-06-19 13:20:28+00:00,DR,34969.17,SUPPLIER-RTGS-9266,3080412.5
2025-06-19 22:04:04+00:00,CR,123269.98,INVOICE-PAYMENT-2819,3203682.48
2025-06-20 06:32:33+00:00,DR,8640.54,CASH-ATM-8278,3195041.94
2025-06-20 08:07:24+00:00,DR,31166.6,RAW-MATERIAL-4396,3163875.34
2025-06-20 08:26:44+00:00,DR,4250.03,CASH-ATM-2958,3159625.31
2025-06-20 11:43:32+00:00,DR,79502.49,RAW-MATERIAL-3694,3080122.82
2025-06-21 02:18:18+00:00,CR,78264.24,SALES-POS-3886,3158387.06
2025-06-21 23:18:04+00:00,CR,137667.64,SALES-POS-1672,3296054.7
2025-06-22 01:35:39+00:00,DR,4912.48,ELECTRICITY-5124,3291142.22
2025-06-22 03:58:25+00:00,DR,4725.33,ELECTRICITY-6149,3286416.89
2025-06-22 22:55:04+00:00,DR,28875.11,VENDOR-PAYMENT-4050,3257541.78
2025-06-23 02:29:48+00:00,CR,36096.86,NEFT-CLIENT-4479,3293638.64
2025-06-23 07:21:22+00:00,CR,117510.03,SALES-POS-7646,3411148.67
2025-06-23 10:29:11+00:00,DR,29996.74,RAW-MATERIAL-4228,3381151.93
2025-06-23 10:43:05+00:00,DR,11794.31,FEE-PENALTY-3221,3369357.62
2025-06-24 05:47:57+00:00,DR,1221.45,EMI-LOAN-1557,3368136.17
2025-06-24 10:15:11+00:00,CR,30715.12,INVOICE-PAYMENT-8945,3398851.29
2025-06-24 22:18:23+00:00,DR,7363.14,FEE-PENALTY-8269,3391488.15
2025-06-25 02:01:13+00:00,DR,12655.24,EMI-LOAN-1584,3378832.91
2025-06-25 05:48:20+00:00,DR,12976.0,RAW-MATERIAL-3555,3365856.91
2025-06-25 10:06:22+00:00,CR,87854.59,UPI-CUSTOMER-5698,3453711.5
2025-06-25 15:15:48+00:00,DR,1970.19,OFFICE-RENT-7688,3451741.31
2025-06-25 17:32:19+00:00,CR,93668.89,UPI-CUSTOMER-5767,3545410.2
2025-06-25 18:59:07+00:00,CR,108680.03,NEFT-CLIENT-9342,3654090.23
2025-06-26 00:57:13+00:00,CR,98871.24,SALES-POS-8639,3752961.47
2025-06-26 09:12:29+00:00,CR,47836.89,UPI-CUSTOMER-5405,3800798.36
2025-06-26 09:19:46+00:00,DR,35114.77,SUPPLIER-RTGS-1691,3765683.59
2025-06-26 23:22:02+00:00,DR,3269.36,FEE-PENALTY-7175,3762414.23
2025-06-27 21:49:32+00:00,CR,16186.59,UPI-CUSTOMER-1862,3778600.82
2025-06-28 04:12:24+00:00,CR,110079.66,NEFT-CLIENT-7813,3888680.48
2025-06-28 08:53:14+00:00,DR,1897.64,INTERNET-6365,3886782.84
2025-06-28 15:17:18+00:00,DR,4314.1,WATER-6539,3882468.74
2025-06-28 18:20:24+00:00,DR,4748.56,ELECTRICITY-5834,3877720.18
2025-06-28 19:21:08+00:00,CR,67438.24,NEFT-CLIENT-5558,3945158.42
2025-06-28 22:11:16+00:00,DR,54385.62,RAW-MATERIAL-2250,3890772.8
2025-06-30 09:56:22+00:00,CR,31296.25,INVOICE-PAYMENT-4490,3922069.05
2025-07-01 18:24:05+00:00,DR,7916.77,FEE-PENALTY-6361,3914152.28
2025-07-02 03:24:03+00:00,CR,21278.03,SALES-POS-9137,3935430.31
2025-07-02 09:33:40+00:00,DR,2920.84,OFFICE-RENT-2558,3932509.47
2025-07-02 14:00:34+00:00,CR,34903.77,UPI-CUSTOMER-9543,3967413.24
2025-07-02 23:28:27+00:00,DR,3410.62,OFFICE-RENT-4927,3964002.62
2025-07-03 18:11:10+00:00,DR,6479.07,CASH-ATM-4476,3957523.55
2025-07-03 23:52:02+00:00,DR,55186.37,SUPPLIER-RTGS-3428,3902337.18
2025-07-04 07:19:41+00:00,DR,58533.26,RAW-MATERIAL-7715,3843803.92
2025-07-04 12:07:47+00:00,DR,31336.23,SUPPLIER-RTGS-5904,3812467.69
2025-07-05 06:04:22+00:00,CR,24853.68,SALES-POS-4904,3837321.37
2025-07-05 08:50:57+00:00,CR,15400.24,NEFT-CLIENT-8278,3852721.61
2025-07-06 10:36:25+00:00,CR,104436.88,INVOICE-PAYMENT-1252,3957158.49
2025-07-07 07:33:09+00:00,DR,4056.79,EMI-LOAN-1404,3953101.7
2025-07-07 22:19:17+00:00,CR,67725.1,NEFT-CLIENT-1210,4020826.8
2025-07-09 06:35:57+00:00,CR,129046.49,SALES-POS-1013,4149873.29
2025-07-09 06:40:07+00:00,DR,6288.31,CASH-ATM-1386,4143584.98
2025-07-09 09:56:09+00:00,DR,3026.47,WATER-2384,4140558.51
2025-07-10 01:45:40+00:00,DR,62883.56,RAW-MATERIAL-9623,4077674.95
2025-07-10 04:43:52+00:00,CR,58978.28,SALES-POS-7774,4136653.23
2025-07-10 13:54:32+00:00,DR,79847.28,SUPPLIER-RTGS-8887,4056805.95
2025-07-10 15:07:42+00:00,DR,1507.06,INTERNET-2783,4055298.89
2025-07-12 00:21:50+00:00,CR,56045.09,INVOICE-PAYMENT-6973,4111343.98
2025-07-12 05:42:22+00:00,DR,35496.21,VENDOR-PAYMENT-3534,4075847.77
2025-07-12 08:45:24+00:00,CR,77613.82,SALES-POS-4435,4153461.59
2025-07-12 19:39:42+00:00,DR,3845.29,OFFICE-RENT-5763,4149616.3
2025-07-13 00:26:28+00:00,DR,2642.8,INTERNET-5467,4146973.5
2025-07-13 00:36:51+00:00,CR,118295.53,UPI-CUSTOMER-3680,4265269.03
2025-07-13 03:24:05+00:00,CR,67212.1,UPI-CUSTOMER-1820,4332481.13
2025-07-13 06:18:36+00:00,CR,130007.08,SALES-POS-6530,4462488.21
2025-07-13 23:35:07+00:00,DR,4858.59,EMI-LOAN-2093,4457629.62
2025-07-14 19:12:39+00:00,CR,48823.3,UPI-CUSTOMER-1269,4506452.92
2025-07-15 04:09:55+00:00,CR,142659.43,INVOICE-PAYMENT-2703,4649112.35
2025-07-16 20:35:31+00:00,CR,125114.34,UPI-CUSTOMER-2121,4774226.69
2025-07-18 09:10:06+00:00,DR,79712.36,SUPPLIER-RTGS-1862,4694514.33
2025-07-18 12:47:25+00:00,CR,25597.85,NEFT-CLIENT-1904,4720112.18
2025-07-18 17:09:37+00:00,DR,49874.51,VENDOR-PAYMENT-3004,4670237.67
2025-07-18 18:09:08+00:00,CR,105647.78,SALES-POS-7168,4775885.45
2025-07-19 23:26:37+00:00,CR,67954.85,UPI-CUSTOMER-2495,4843840.3
2025-07-20 09:03:23+00:00,DR,12079.87,FEE-PENALTY-6035,4831760.43
2025-07-20 17:15:15+00:00,CR,133819.19,SALES-POS-5006,4965579.62
2025-07-22 05:24:39+00:00,DR,12571.24,EMI-LOAN-4902,4953008.38
2025-07-22 15:59:55+00:00,DR,55377.27,RAW-MATERIAL-4454,4897631.11
2025-07-22 17:52:51+00:00,CR,16102.69,UPI-CUSTOMER-8450,4913733.8
2025-07-22 19:36:08+00:00,CR,79265.93,UPI-CUSTOMER-7727,4992999.73
2025-07-23 09:23:47+00:00,CR,48268.12,SALES-POS-2999,5041267.85
2025-07-23 16:07:10+00:00,CR,18047.05,UPI-CUSTOMER-6069,5059314.9
2025-07-24 07:29:42+00:00,CR,53763.37,NEFT-CLIENT-9005,5113078.27
2025-07-24 16:22:54+00:00,DR,12477.06,EMI-LOAN-3003,5100601.21
2025-07-25 01:08:08+00:00,CR,11979.77,NEFT-CLIENT-9911,5112580.98
2025-07-25 06:08:55+00:00,DR,24034.38,VENDOR-PAYMENT-6770,5088546.6
2025-07-25 15:13:34+00:00,DR,6091.0,FEE-PENALTY-5521,5082455.6
2025-07-25 22:32:48+00:00,CR,134109.62,SALES-POS-2764,5216565.22
2025-07-26 08:54:03+00:00,CR,54543.44,INVOICE-PAYMENT-6604,5271108.66
2025-07-26 16:20:24+00:00,DR,9674.29,CASH-ATM-6178,5261434.37
2025-07-26 16:46:36+00:00,DR,72739.15,RAW-MATERIAL-3327,5188695.22
2025-07-26 18:10:23+00:00,DR,13294.33,FEE-PENALTY-7303,5175400.89
2025-07-27 05:43:48+00:00,DR,1360.91,INTERNET-1440,5174039.98
2025-07-27 08:57:31+00:00,DR,51624.29,VENDOR-PAYMENT-1050,5122415.69
2025-07-27 23:23:53+00:00,DR,10390.63,FEE-PENALTY-7398,5112025.06
2025-07-28 14:02:07+00:00,CR,81961.2,UPI-CUSTOMER-4236,5193986.26
2025-07-28 15:33:20+00:00,DR,54797.47,SUPPLIER-RTGS-7842,5139188.79
2025-07-28 17:20:35+00:00,CR,35402.23,INVOICE-PAYMENT-8653,5174591.02
2025-07-29 01:58:28+00:00,DR,3287.56,WATER-2275,5171303.46
2025-07-29 07:16:05+00:00,DR,52447.11,RAW-MATERIAL-3832,5118856.35
2025-07-29 08:00:22+00:00,CR,123661.12,UPI-CUSTOMER-2711,5242517.47
2025-07-29 11:00:07+00:00,CR,110462.06,INVOICE-PAYMENT-2664,5352979.53
2025-07-29 18:37:28+00:00,DR,9473.81,CASH-ATM-1516,5343505.72
2025-07-29 19:15:32+00:00,CR,86107.88,SALES-POS-7373,5429613.6
2025-07-29 21:53:21+00:00,DR,2830.65,OFFICE-RENT-7589,5426782.95
2025-07-30 04:39:05+00:00,DR,1894.83,WATER-8691,5424888.12
2025-07-31 11:40:25+00:00,DR,58831.93,VENDOR-PAYMENT-1909,5366056.19
2025-07-31 12:39:58+00:00,CR,104245.16,SALES-POS-1554,5470301.35
2025-07-31 13:43:51+00:00,CR,110909.99,UPI-CUSTOMER-2493,5581211.34
2025-07-31 19:52:02+00:00,DR,12210.82,EMI-LOAN-6191,5569000.52
2025-08-01 23:31:17+00:00,CR,99457.14,INVOICE-PAYMENT-6879,5668457.66
2025-08-02 10:55:47+00:00,CR,100706.65,NEFT-CLIENT-7538,5769164.31
2025-08-02 12:20:30+00:00,CR,136353.25,NEFT-CLIENT-6003,5905517.56
2025-08-02 17:25:41+00:00,DR,9908.88,FEE-PENALTY-5402,5895608.68
2025-08-03 14:52:06+00:00,DR,11463.72,FEE-PENALTY-8767,5884144.96
2025-08-04 07:38:57+00:00,DR,22685.86,RAW-MATERIAL-5427,5861459.1
2025-08-04 16:56:20+00:00,CR,31108.79,SALES-POS-3452,5892567.89
2025-08-06 18:04:03+00:00,CR,13145.16,SALES-POS-1755,5905713.05
2025-08-07 19:55:13+00:00,CR,144744.83,NEFT-CLIENT-7199,6050457.88
2025-08-08 01:06:57+00:00,CR,6469.76,UPI-CUSTOMER-3586,6056927.64
2025-08-08 06:54:43+00:00,DR,8971.42,EMI-LOAN-9249,6047956.22
2025-08-08 21:22:07+00:00,DR,6045.17,CASH-ATM-2048,6041911.05
2025-08-09 00:17:47+00:00,DR,1887.18,CASH-ATM-2840,6040023.87
2025-08-09 00:36:44+00:00,DR,8144.21,CASH-ATM-1680,6031879.66
2025-08-09 08:44:01+00:00,CR,5232.96,UPI-CUSTOMER-4601,6037112.62
2025-08-09 15:03:58+00:00,DR,4521.01,INTERNET-6265,6032591.61
2025-08-09 15:09:33+00:00,DR,40567.54,SUPPLIER-RTGS-8513,5992024.07
2025-08-10 15:32:13+00:00,CR,115200.12,UPI-CUSTOMER-1809,6107224.19
2025-08-10 23:59:32+00:00,DR,71616.02,SUPPLIER-RTGS-4339,6035608.17
2025-08-12 01:19:33+00:00,DR,13862.22,SUPPLIER-RTGS-9958,6021745.95
2025-08-12 08:39:43+00:00,CR,92161.19,UPI-CUSTOMER-4288,6113907.14
2025-08-12 10:03:47+00:00,CR,34262.47,SALES-POS-9488,6148169.61
2025-08-12 18:54:43+00:00,DR,2095.05,OFFICE-RENT-7262,6146074.56
2025-08-12 23:58:18+00:00,DR,1982.22,WATER-4614,6144092.34
2025-08-13 03:36:26+00:00,CR,136676.4,NEFT-CLIENT-1154,6280768.74
2025-08-14 08:19:48+00:00,DR,79019.48,SUPPLIER-RTGS-5721,6201749.26
2025-08-15 16:10:53+00:00,DR,3816.21,CASH-ATM-4001,6197933.05
2025-08-16 09:48:08+00:00,DR,12378.57,FEE-PENALTY-6894,6185554.48
2025-08-16 15:04:14+00:00,DR,7489.06,EMI-LOAN-2263,6178065.42
2025-08-17 01:21:55+00:00,DR,50834.07,SUPPLIER-RTGS-8687,6127231.35
2025-08-17 12:28:42+00:00,CR,58109.98,NEFT-CLIENT-2356,6185341.33
2025-08-17 13:21:01+00:00,DR,18071.61,SUPPLIER-RTGS-4337,6167269.72
2025-08-17 17:35:38+00:00,DR,1874.13,OFFICE-RENT-9773,6165395.59
2025-08-18 05:37:34+00:00,DR,14689.51,VENDOR-PAYMENT-9470,6150706.08
2025-08-18 18:04:49+00:00,DR,3239.25,CASH-ATM-4251,6147466.83
2025-08-18 21:51:42+00:00,DR,4502.39,ELECTRICITY-5665,6142964.44
2025-08-19 00:23:59+00:00,CR,38301.2,INVOICE-PAYMENT-1693,6181265.64
2025-08-19 04:13:14+00:00,CR,63812.83,SALES-POS-8821,6245078.47
2025-08-19 08:49:13+00:00,DR,15030.66,VENDOR-PAYMENT-6801,6230047.81
2025-08-19 10:41:00+00:00,DR,12216.34,FEE-PENALTY-2474,6217831.47
2025-08-19 14:41:57+00:00,DR,7805.1,CASH-ATM-9420,6210026.37
2025-08-21 02:29:26+00:00,DR,1098.2,OFFICE-RENT-8413,6208928.17
2025-08-21 08:42:34+00:00,DR,32595.54,VENDOR-PAYMENT-6514,6176332.63
2025-08-21 10:09:30+00:00,DR,75811.96,RAW-MATERIAL-6835,6100520.67
2025-08-21 15:25:53+00:00,DR,2371.55,INTERNET-5739,6098149.12
2025-08-21 22:56:28+00:00,DR,1894.82,ELECTRICITY-6066,6096254.3
2025-08-22 10:25:44+00:00,DR,7315.54,FEE-PENALTY-5695,6088938.76
2025-08-22 11:03:40+00:00,DR,2139.62,ELECTRICITY-2383,6086799.14
2025-08-22 14:22:35+00:00,DR,45133.25,RAW-MATERIAL-8882,6041665.89
2025-08-22 17:21:30+00:00,DR,8293.67,EMI-LOAN-8241,6033372.22
2025-08-22 23:19:35+00:00,CR,91225.03,SALES-POS-4061,6124597.25
2025-08-23 01:45:17+00:00,CR,97041.12,UPI-CUSTOMER-9561,6221638.37
2025-08-23 06:34:49+00:00,CR,133025.09,UPI-CUSTOMER-4437,6354663.46
2025-08-23 12:30:36+00:00,DR,9678.45,FEE-PENALTY-5189,6344985.01
2025-08-24 03:22:03+00:00,CR,24126.74,SALES-POS-8044,6369111.75
2025-08-24 04:58:29+00:00,DR,2058.21,WATER-8371,6367053.54
2025-08-25 00:41:04+00:00,CR,116994.58,UPI-CUSTOMER-8324,6484048.12
2025-08-25 05:41:48+00:00,CR,46580.16,INVOICE-PAYMENT-6779,6530628.28
2025-08-25 09:23:20+00:00,DR,1348.25,EMI-LOAN-7029,6529280.03
2025-08-25 15:02:59+00:00,DR,13698.43,FEE-PENALTY-4248,6515581.6
2025-08-25 15:51:29+00:00,CR,98311.62,NEFT-CLIENT-4170,6613893.22
2025-08-25 23:53:33+00:00,DR,4844.89,WATER-9139,6609048.33
2025-08-26 01:53:56+00:00,CR,85881.85,NEFT-CLIENT-2749,6694930.18
2025-08-26 13:37:49+00:00,CR,92919.29,UPI-CUSTOMER-1179,6787849.47
2025-08-26 18:30:46+00:00,DR,11592.75,FEE-PENALTY-5157,6776256.72
2025-08-27 14:32:44+00:00,DR,29037.2,SUPPLIER-RTGS-6154,6747219.52
2025-08-28 09:31:04+00:00,DR,26671.72,RAW-MATERIAL-1045,6720547.8
2025-08-28 16:54:13+00:00,CR,5186.04,NEFT-CLIENT-4388,6725733.84
2025-08-29 00:00:05+00:00,DR,1317.5,CASH-ATM-5391,6724416.34
2025-08-29 01:34:31+00:00,CR,26718.83,NEFT-CLIENT-6945,6751135.17
2025-08-29 11:42:15+00:00,CR,56906.98,UPI-CUSTOMER-4894,6808042.15
2025-08-29 17:29:32+00:00,CR,72669.63,INVOICE-PAYMENT-5149,6880711.78
2025-08-30 09:54:46+00:00,DR,24812.9,SUPPLIER-RTGS-3709,6855898.88
2025-08-30 13:15:50+00:00,CR,144582.97,INVOICE-PAYMENT-2381,7000481.85
2025-08-31 06:20:51+00:00,DR,16009.46,SUPPLIER-RTGS-9587,6984472.39
2025-08-31 10:58:32+00:00,DR,46302.31,RAW-MATERIAL-3123,6938170.08
2025-08-31 13:14:01+00:00,DR,76096.83,VENDOR-PAYMENT-8025,6862073.25
2025-09-02 09:36:19+00:00,CR,50535.89,UPI-CUSTOMER-5070,6912609.14
2025-09-02 22:15:54+00:00,DR,15733.41,VENDOR-PAYMENT-6296,6896875.73
2025-09-02 23:30:02+00:00,DR,7120.76,EMI-LOAN-1357,6889754.97
2025-09-03 15:23:37+00:00,CR,35453.52,SALES-POS-7636,6925208.49
2025-09-04 12:49:41+00:00,CR,27279.35,UPI-CUSTOMER-6431,6952487.84
2025-09-04 22:01:40+00:00,DR,2959.45,OFFICE-RENT-5143,6949528.39
2025-09-04 22:40:03+00:00,CR,72049.52,SALES-POS-7372,7021577.91
2025-09-05 05:12:27+00:00,DR,2597.86,ELECTRICITY-9626,7018980.05
2025-09-05 06:47:12+00:00,CR,135006.7,SALES-POS-1474,7153986.75
2025-09-05 15:06:59+00:00,DR,10935.53,CASH-ATM-5915,7143051.22
2025-09-05 23:49:25+00:00,DR,23612.01,RAW-MATERIAL-6525,7119439.21
2025-09-06 15:06:25+00:00,DR,4213.4,OFFICE-RENT-8158,7115225.81
2025-09-07 17:28:48+00:00,CR,78202.44,INVOICE-PAYMENT-1016,7193428.25
2025-09-07 20:34:28+00:00,DR,1560.15,FEE-PENALTY-5677,7191868.1
2025-09-08 01:32:44+00:00,DR,25996.13,SUPPLIER-RTGS-7422,7165871.97
2025-09-08 11:33:15+00:00,DR,4294.25,INTERNET-4143,7161577.72
2025-09-09 17:01:25+00:00,DR,10151.9,VENDOR-PAYMENT-5548,7151425.82
2025-09-10 02:39:04+00:00,DR,31717.03,VENDOR-PAYMENT-3094,7119708.79
2025-09-10 20:59:13+00:00,DR,7316.69,FEE-PENALTY-9359,7112392.1
2025-09-10 22:11:23+00:00,DR,70477.48,VENDOR-PAYMENT-7411,7041914.62
2025-09-11 00:51:42+00:00,CR,89341.2,INVOICE-PAYMENT-8880,7131255.82
2025-09-11 03:46:18+00:00,DR,40203.27,RAW-MATERIAL-3548,7091052.55
2025-09-11 06:08:12+00:00,CR,74197.24,SALES-POS-2315,7165249.79
2025-09-11 10:14:00+00:00,DR,4182.4,WATER-1577,7161067.39
2025-09-11 20:31:00+00:00,CR,132881.66,UPI-CUSTOMER-5138,7293949.05
2025-09-12 00:33:50+00:00,DR,60729.38,VENDOR-PAYMENT-9993,7233219.67
2025-09-12 21:09:37+00:00,CR,58306.07,UPI-CUSTOMER-7262,7291525.74
2025-09-12 21:48:55+00:00,DR,1633.92,FEE-PENALTY-6386,7289891.82
2025-09-13 06:17:11+00:00,DR,3975.55,INTERNET-5492,7285916.27
2025-09-13 19:36:50+00:00,CR,113969.8,SALES-POS-9562,7399886.07
2025-09-13 21:16:28+00:00,CR,64928.42,SALES-POS-3740,7464814.49
2025-09-15 00:05:01+00:00,CR,84236.06,UPI-CUSTOMER-7093,7549050.55
2025-09-15 10:30:59+00:00,CR,61237.12,UPI-CUSTOMER-7397,7610287.67
2025-09-16 05:11:02+00:00,CR,57964.6,UPI-CUSTOMER-4985,7668252.27
2025-09-16 15:36:11+00:00,DR,1437.68,INTERNET-8788,7666814.59
2025-09-16 17:30:02+00:00,DR,1277.16,CASH-ATM-6124,7665537.43
2025-09-16 20:08:08+00:00,DR,26192.71,RAW-MATERIAL-2746,7639344.72
2025-09-17 05:05:13+00:00,CR,104113.55,INVOICE-PAYMENT-2325,7743458.27
2025-09-18 23:41:13+00:00,DR,14563.65,VENDOR-PAYMENT-8132,7728894.62
2025-09-19 06:16:12+00:00,DR,3208.92,INTERNET-4018,7725685.7
2025-09-19 09:56:33+00:00,DR,2906.9,FEE-PENALTY-7136,7722778.8
2025-09-19 10:44:56+00:00,DR,4885.67,WATER-2343,7717893.13
2025-09-19 19:41:32+00:00,DR,67019.58,SUPPLIER-RTGS-7543,7650873.55
2025-09-19 21:26:44+00:00,DR,3316.49,OFFICE-RENT-2329,7647557.06
2025-09-19 21:29:45+00:00,DR,18907.64,RAW-MATERIAL-9312,7628649.42
2025-09-20 02:20:37+00:00,CR,67065.93,UPI-CUSTOMER-9907,7695715.35
2025-09-22 06:06:21+00:00,DR,3264.47,INTERNET-7658,7692450.88
2025-09-22 21:33:05+00:00,DR,7719.71,FEE-PENALTY-9185,7684731.17
2025-09-24 21:59:53+00:00,DR,3787.62,INTERNET-9804,7680943.55
2025-09-25 01:37:08+00:00,CR,118610.7,UPI-CUSTOMER-3863,7799554.25
2025-09-25 10:01:25+00:00,DR,62118.8,RAW-MATERIAL-3451,7737435.45
2025-09-25 19:54:30+00:00,DR,4466.83,WATER-1852,7732968.62
2025-09-26 01:47:56+00:00,CR,25883.11,UPI-CUSTOMER-1848,7758851.73
2025-09-26 06:03:00+00:00,DR,13259.33,FEE-PENALTY-8697,7745592.4
2025-09-26 07:02:09+00:00,CR,52634.87,NEFT-CLIENT-8822,7798227.27
2025-09-26 10:32:00+00:00,DR,49161.7,SUPPLIER-RTGS-9459,7749065.57
2025-09-27 07:12:00+00:00,CR,92232.81,UPI-CUSTOMER-2813,7841298.38
2025-09-30 11:27:08+00:00,DR,1094.51,ELECTRICITY-4542,7840203.87
2025-09-30 20:31:40+00:00,DR,3750.54,ELECTRICITY-3229,7836453.33
2025-09-30 23:50:15+00:00,DR,6509.47,EMI-LOAN-6966,7829943.86
2025-10-01 16:57:27+00:00,DR,1041.96,WATER-3714,7828901.9
2025-10-01 21:17:58+00:00,DR,53902.63,RAW-MATERIAL-6135,7774999.27
2025-10-02 16:24:44+00:00,DR,21692.34,VENDOR-PAYMENT-8008,7753306.93
2025-10-02 16:33:41+00:00,DR,37903.84,RAW-MATERIAL-9826,7715403.09
2025-10-04 06:41:56+00:00,CR,13230.78,SALES-POS-4333,7728633.87
2025-10-05 06:06:00+00:00,DR,1085.06,WATER-8770,7727548.81
2025-10-06 11:16:00+00:00,DR,3194.55,FEE-PENALTY-9176,7724354.26
2025-10-06 11:48:04+00:00,DR,19043.43,VENDOR-PAYMENT-5074,7705310.83
2025-10-07 04:15:25+00:00,CR,134285.28,SALES-POS-7452,7839596.11
2025-10-07 21:59:15+00:00,DR,30070.09,VENDOR-PAYMENT-4705,7809526.02
2025-10-08 02:17:03+00:00,DR,1061.23,ELECTRICITY-7924,7808464.79
2025-10-08 07:06:45+00:00,CR,72702.05,NEFT-CLIENT-3138,7881166.84
2025-10-08 10:49:01+00:00,CR,83336.69,UPI-CUSTOMER-9311,7964503.53
2025-10-09 02:26:34+00:00,DR,4834.93,ELECTRICITY-9692,7959668.6
2025-10-09 15:06:59+00:00,CR,23820.25,SALES-POS-3723,7983488.85
2025-10-10 03:36:44+00:00,DR,4828.33,CASH-ATM-7785,7978660.52
2025-10-10 05:24:12+00:00,DR,41348.92,VENDOR-PAYMENT-7029,7937311.6
2025-10-10 08:35:35+00:00,DR,9818.79,FEE-PENALTY-8526,7927492.81
2025-10-10 23:03:38+00:00,CR,146777.94,NEFT-CLIENT-8183,8074270.75
2025-10-11 01:49:34+00:00,DR,26829.86,RAW-MATERIAL-7024,8047440.89
2025-10-11 06:48:59+00:00,DR,709.52,CASH-ATM-9206,8046731.37
2025-10-11 10:00:54+00:00,CR,79115.74,NEFT-CLIENT-8815,8125847.11
2025-10-13 04:18:28+00:00,DR,41516.79,VENDOR-PAYMENT-1601,8084330.32
2025-10-13 04:56:41+00:00,DR,5812.62,FEE-PENALTY-2954,8078517.7
2025-10-13 20:22:44+00:00,CR,30710.34,SALES-POS-2455,8109228.04
2025-10-13 21:18:51+00:00,DR,38323.32,RAW-MATERIAL-7117,8070904.72
2025-10-13 23:49:09+00:00,DR,3086.89,ELECTRICITY-4340,8067817.83
2025-10-14 05:12:09+00:00,DR,38277.7,RAW-MATERIAL-9629,8029540.13
2025-10-14 05:45:41+00:00,DR,3291.68,OFFICE-RENT-9143,8026248.45
2025-10-14 10:07:35+00:00,DR,14122.29,CASH-ATM-9480,8012126.16
2025-10-14 21:05:21+00:00,DR,34638.91,VENDOR-PAYMENT-8417,7977487.25
2025-10-15 01:45:42+00:00,CR,123120.71,NEFT-CLIENT-8334,8100607.96
2025-10-15 07:51:04+00:00,DR,1547.97,FEE-PENALTY-6226,8099059.99
2025-10-15 12:08:17+00:00,DR,1560.84,WATER-7779,8097499.15
2025-10-15 18:48:27+00:00,DR,4041.71,OFFICE-RENT-7478,8093457.44
2025-10-17 03:06:18+00:00,DR,15951.61,VENDOR-PAYMENT-7750,8077505.83
2025-10-17 03:16:58+00:00,DR,25281.39,RAW-MATERIAL-6124,8052224.44
2025-10-18 14:48:35+00:00,DR,20503.92,SUPPLIER-RTGS-9366,8031720.52
2025-10-19 04:35:43+00:00,DR,3427.46,WATER-5776,8028293.06
2025-10-19 05:29:06+00:00,DR,2404.42,INTERNET-9674,8025888.64
2025-10-19 10:38:16+00:00,DR,10031.85,EMI-LOAN-6753,8015856.79
2025-10-20 05:01:42+00:00,DR,10337.78,CASH-ATM-9503,8005519.01
2025-10-20 08:27:50+00:00,CR,101701.05,NEFT-CLIENT-7052,8107220.06
2025-10-20 12:14:14+00:00,CR,68209.3,NEFT-CLIENT-3863,8175429.36
2025-10-20 12:34:33+00:00,DR,63885.82,SUPPLIER-RTGS-3758,8111543.54
2025-10-21 02:27:28+00:00,DR,1845.44,OFFICE-RENT-3605,8109698.1
2025-10-21 03:03:18+00:00,DR,3776.0,FEE-PENALTY-1078,8105922.1
2025-10-22 14:05:47+00:00,DR,33378.38,VENDOR-PAYMENT-6714,8072543.72
2025-10-22 17:00:42+00:00,DR,11436.49,CASH-ATM-6613,8061107.23
2025-10-22 23:39:23+00:00,DR,33732.02,VENDOR-PAYMENT-5552,8027375.21
2025-10-23 00:46:25+00:00,CR,46778.4,NEFT-CLIENT-7941,8074153.61
2025-10-23 08:56:07+00:00,DR,3000.1,INTERNET-3462,8071153.51
2025-10-23 11:39:36+00:00,CR,91001.4,INVOICE-PAYMENT-3505,8162154.91
2025-10-25 08:31:36+00:00,DR,1785.05,INTERNET-3031,8160369.86
2025-10-25 12:11:46+00:00,DR,62438.61,RAW-MATERIAL-1511,8097931.25
2025-10-27 11:44:41+00:00,CR,43274.87,UPI-CUSTOMER-1539,8141206.12
2025-10-27 16:14:55+00:00,DR,4595.08,INTERNET-1020,8136611.04
2025-10-28 11:24:10+00:00,CR,130401.35,INVOICE-PAYMENT-9606,8267012.39
2025-10-28 12:59:25+00:00,DR,4798.19,WATER-2378,8262214.2
2025-10-29 02:31:40+00:00,DR,54555.21,VENDOR-PAYMENT-8196,8207658.99
2025-10-29 17:37:32+00:00,CR,40476.16,INVOICE-PAYMENT-4303,8248135.15
2025-10-29 18:44:40+00:00,DR,14158.26,EMI-LOAN-5112,8233976.89
2025-10-30 00:18:46+00:00,DR,4366.65,CASH-ATM-8687,8229610.24
2025-10-30 06:15:00+00:00,CR,27001.1,INVOICE-PAYMENT-4680,8256611.34
2025-10-30 07:49:46+00:00,DR,8550.62,CASH-ATM-1356,8248060.72
2025-10-30 16:04:29+00:00,DR,30827.79,RAW-MATERIAL-8195,8217232.93
2025-10-31 02:08:56+00:00,CR,55059.22,UPI-CUSTOMER-6638,8272292.15
2025-10-31 14:51:42+00:00,DR,14084.47,FEE-PENALTY-5671,8258207.68
2025-11-01 04:06:47+00:00,CR,100587.84,INVOICE-PAYMENT-7184,8358795.52
2025-11-02 06:20:36+00:00,CR,5470.96,UPI-CUSTOMER-6970,8364266.48
2025-11-02 18:05:52+00:00,DR,1004.33,CASH-ATM-1186,8363262.15
2025-11-03 16:55:09+00:00,CR,94558.76,SALES-POS-2930,8457820.91
2025-11-04 01:10:06+00:00,CR,17755.29,UPI-CUSTOMER-4874,8475576.2
2025-11-04 21:34:40+00:00,CR,108511.55,NEFT-CLIENT-7261,8584087.75
2025-11-04 22:42:24+00:00,DR,3318.76,ELECTRICITY-1903,8580768.99
2025-11-04 22:53:19+00:00,DR,14531.68,CASH-ATM-1503,8566237.31
2025-11-05 08:26:00+00:00,DR,2497.56,INTERNET-9073,8563739.75
2025-11-06 07:10:19+00:00,CR,146620.11,INVOICE-PAYMENT-2371,8710359.86
2025-11-06 13:18:11+00:00,DR,12166.58,SUPPLIER-RTGS-7773,8698193.28
2025-11-06 16:49:04+00:00,CR,131494.96,NEFT-CLIENT-7159,8829688.24
2025-11-06 16:57:54+00:00,DR,11512.13,FEE-PENALTY-3179,8818176.11
2025-11-07 03:35:47+00:00,DR,30918.92,VENDOR-PAYMENT-1815,8787257.19
2025-11-07 13:58:14+00:00,CR,33862.44,NEFT-CLIENT-8641,8821119.63
2025-11-07 16:17:10+00:00,CR,52432.25,UPI-CUSTOMER-6808,8873551.88
2025-11-07 23:40:43+00:00,DR,3439.86,ELECTRICITY-6347,8870112.02
2025-11-08 06:41:31+00:00,DR,2096.61,INTERNET-8850,8868015.41
2025-11-08 16:46:25+00:00,DR,63519.3,RAW-MATERIAL-9042,8804496.11
2025-11-08 20:12:31+00:00,DR,3819.49,OFFICE-RENT-7498,8800676.62
2025-11-09 03:00:54+00:00,DR,2906.95,WATER-4905,8797769.67
2025-11-09 23:58:28+00:00,DR,4263.47,OFFICE-RENT-4925,8793506.2
2025-11-10 02:06:10+00:00,DR,63412.66,SUPPLIER-RTGS-9170,8730093.54
2025-11-10 11:31:16+00:00,DR,14436.93,FEE-PENALTY-4115,8715656.61
2025-11-10 12:04:34+00:00,DR,3942.63,INTERNET-6485,8711713.98
2025-11-10 15:18:17+00:00,CR,109212.12,SALES-POS-8559,8820926.1
2025-11-10 16:04:46+00:00,DR,7028.69,CASH-ATM-2336,8813897.41
2025-11-10 16:15:53+00:00,DR,12808.98,FEE-PENALTY-8640,8801088.43
2025-11-10 18:08:53+00:00,DR,3116.07,FEE-PENALTY-6989,8797972.36
2025-11-10 19:51:43+00:00,DR,45499.87,RAW-MATERIAL-2799,8752472.49
2025-11-10 20:40:04+00:00,DR,2140.59,ELECTRICITY-5505,8750331.9
2025-11-10 23:53:43+00:00,DR,13557.99,CASH-ATM-9753,8736773.91
2025-11-11 06:46:49+00:00,DR,1462.26,OFFICE-RENT-9640,8735311.65
2025-11-11 09:12:04+00:00,DR,4163.38,WATER-1202,8731148.27
2025-11-11 12:38:53+00:00,DR,35387.39,VENDOR-PAYMENT-3029,8695760.88
2025-11-11 23:03:52+00:00,DR,79030.09,RAW-MATERIAL-7830,8616730.79
2025-11-12 06:33:59+00:00,DR,14513.57,VENDOR-PAYMENT-4688,8602217.22
2025-11-12 09:13:32+00:00,CR,29834.25,SALES-POS-3049,8632051.47
2025-11-13 21:33:34+00:00,DR,8815.08,FEE-PENALTY-1228,8623236.39
2025-11-14 02:58:28+00:00,DR,52222.24,SUPPLIER-RTGS-9380,8571014.15
2025-11-14 03:30:09+00:00,DR,8919.04,FEE-PENALTY-6866,8562095.11
2025-11-14 09:38:27+00:00,DR,7318.27,EMI-LOAN-9201,8554776.84
2025-11-14 17:30:30+00:00,DR,13172.2,EMI-LOAN-2297,8541604.64
2025-11-14 18:18:44+00:00,DR,12228.4,FEE-PENALTY-4300,8529376.24
2025-11-15 12:22:43+00:00,CR,73246.32,NEFT-CLIENT-1474,8602622.56
2025-11-16 00:45:34+00:00,DR,3408.97,WATER-3127,8599213.59
2025-11-17 15:02:09+00:00,CR,135144.78,UPI-CUSTOMER-5546,8734358.37
2025-11-18 17:03:30+00:00,DR,4127.03,INTERNET-7349,8730231.34
2025-11-19 06:47:10+00:00,DR,34028.15,VENDOR-PAYMENT-3803,8696203.19
2025-11-19 17:48:33+00:00,DR,1919.64,EMI-LOAN-7678,8694283.55
2025-11-19 21:06:18+00:00,CR,144151.15,UPI-CUSTOMER-3743,8838434.7
2025-11-20 11:59:08+00:00,DR,4849.5,EMI-LOAN-4762,8833585.2
2025-11-20 18:59:33+00:00,DR,4705.77,OFFICE-RENT-9245,8828879.43
2025-11-20 19:52:29+00:00,CR,63233.64,NEFT-CLIENT-6878,8892113.07
2025-11-20 22:11:23+00:00,DR,2893.2,WATER-3364,8889219.87
2025-11-20 23:18:29+00:00,DR,4978.78,WATER-6580,8884241.09
2025-11-21 15:25:32+00:00,DR,35552.98,RAW-MATERIAL-8026,8848688.11
2025-11-22 17:37:33+00:00,DR,9515.24,EMI-LOAN-7317,8839172.87
2025-11-23 12:04:08+00:00,DR,2236.47,ELECTRICITY-1263,8836936.4
2025-11-23 13:19:39+00:00,CR,85073.03,UPI-CUSTOMER-4178,8922009.43
2025-11-23 15:24:37+00:00,DR,55661.53,VENDOR-PAYMENT-2984,8866347.9
2025-11-24 18:46:57+00:00,CR,69485.94,INVOICE-PAYMENT-9657,8935833.84
2025-11-24 20:16:18+00:00,DR,71934.63,SUPPLIER-RTGS-6152,8863899.21
2025-11-25 01:25:24+00:00,DR,1896.01,ELECTRICITY-5043,8862003.2
2025-11-25 04:04:46+00:00,CR,105460.25,NEFT-CLIENT-6403,8967463.45
2025-11-25 05:07:36+00:00,DR,7790.19,FEE-PENALTY-9662,8959673.26
2025-11-27 03:36:14+00:00,CR,53014.64,UPI-CUSTOMER-1834,9012687.9
2025-11-27 10:07:48+00:00,CR,76302.16,INVOICE-PAYMENT-3520,9088990.06
2025-11-27 12:26:01+00:00,CR,119174.71,SALES-POS-4933,9208164.77
2025-11-27 14:21:33+00:00,DR,13377.88,CASH-ATM-7539,9194786.89
2025-11-27 17:48:09+00:00,DR,2804.56,OFFICE-RENT-4675,9191982.33
2025-11-27 22:16:03+00:00,DR,25653.63,SUPPLIER-RTGS-8602,9166328.7
2025-11-28 08:40:47+00:00,CR,92232.19,UPI-CUSTOMER-8060,9258560.89
2025-11-28 15:38:52+00:00,DR,1666.08,ELECTRICITY-9743,9256894.81
2025-11-28 16:55:56+00:00,DR,40908.66,SUPPLIER-RTGS-1795,9215986.15
2025-11-28 18:14:46+00:00,CR,46618.18,INVOICE-PAYMENT-4299,9262604.33
2025-11-29 06:07:42+00:00,DR,2781.15,CASH-ATM-8801,9259823.18
2025-11-29 22:53:13+00:00,CR,65658.87,INVOICE-PAYMENT-4086,9325482.05
2025-11-30 13:11:07+00:00,CR,8117.13,INVOICE-PAYMENT-2437,9333599.18
2025-12-02 09:54:25+00:00,DR,1006.21,WATER-6329,9332592.97
2025-12-02 14:51:39+00:00,CR,123275.99,UPI-CUSTOMER-6614,9455868.96
2025-12-03 21:10:40+00:00,CR,103784.3,SALES-POS-1540,9559653.26
2025-12-04 17:36:03+00:00,CR,145374.4,UPI-CUSTOMER-4532,9705027.66
2025-12-05 04:45:50+00:00,DR,73495.11,RAW-MATERIAL-8525,9631532.55
2025-12-05 12:06:27+00:00,DR,23090.81,VENDOR-PAYMENT-9956,9608441.74
2025-12-05 17:24:10+00:00,DR,48395.7,RAW-MATERIAL-9516,9560046.04
2025-12-06 03:35:51+00:00,DR,8367.0,FEE-PENALTY-5325,9551679.04
2025-12-06 03:57:48+00:00,CR,108985.49,NEFT-CLIENT-5115,9660664.53
2025-12-06 04:50:21+00:00,DR,691.96,FEE-PENALTY-1376,9659972.57
2025-12-06 23:31:15+00:00,CR,102194.61,NEFT-CLIENT-4040,9762167.18
2025-12-07 00:53:51+00:00,CR,89046.5,NEFT-CLIENT-1136,9851213.68
2025-12-07 04:56:47+00:00,CR,33165.78,UPI-CUSTOMER-3150,9884379.46
2025-12-07 13:31:25+00:00,DR,69444.65,VENDOR-PAYMENT-3838,9814934.81
2025-12-07 17:54:25+00:00,DR,51833.63,RAW-MATERIAL-3815,9763101.18
2025-12-08 06:11:00+00:00,DR,11430.61,CASH-ATM-4491,9751670.57
2025-12-09 01:41:10+00:00,DR,4151.51,OFFICE-RENT-2665,9747519.06
2025-12-09 02:36:16+00:00,CR,104778.53,UPI-CUSTOMER-3450,9852297.59
2025-12-09 12:05:31+00:00,CR,51884.58,SALES-POS-1326,9904182.17
2025-12-10 10:18:20+00:00,DR,76181.53,VENDOR-PAYMENT-7483,9828000.64
2025-12-11 10:07:44+00:00,DR,11095.83,FEE-PENALTY-5930,9816904.81
2025-12-12 03:23:16+00:00,DR,2736.04,WATER-8576,9814168.77
2025-12-12 18:16:42+00:00,DR,2203.09,WATER-8129,9811965.68
2025-12-13 06:13:36+00:00,CR,28408.68,INVOICE-PAYMENT-6162,9840374.36
2025-12-13 11:57:28+00:00,DR,4025.55,ELECTRICITY-5492,9836348.81
2025-12-14 16:41:48+00:00,CR,11528.32,UPI-CUSTOMER-1757,9847877.13
2025-12-14 22:45:13+00:00,CR,62576.72,NEFT-CLIENT-9742,9910453.85
2025-12-14 23:37:18+00:00,CR,113088.86,INVOICE-PAYMENT-7078,10023542.71
2025-12-15 06:20:24+00:00,DR,11719.92,VENDOR-PAYMENT-6913,10011822.79
2025-12-16 02:21:34+00:00,DR,8566.37,EMI-LOAN-3439,10003256.42
2025-12-16 07:07:16+00:00,DR,2355.07,OFFICE-RENT-6793,10000901.35
2025-12-17 11:44:12+00:00,DR,69294.7,RAW-MATERIAL-2765,9931606.65
2025-12-18 12:39:07+00:00,DR,76947.68,VENDOR-PAYMENT-6349,9854658.97
2025-12-18 16:03:00+00:00,DR,9798.88,CASH-ATM-8703,9844860.09
2025-12-18 20:18:04+00:00,DR,8087.32,FEE-PENALTY-6447,9836772.77
2025-12-19 00:44:29+00:00,DR,44173.37,VENDOR-PAYMENT-6616,9792599.4
2025-12-19 01:54:16+00:00,CR,130900.55,SALES-POS-8775,9923499.95
2025-12-19 02:51:30+00:00,DR,38643.34,VENDOR-PAYMENT-9372,9884856.61
2025-12-19 03:55:18+00:00,DR,1350.76,FEE-PENALTY-7513,9883505.85
2025-12-19 13:26:34+00:00,DR,2255.94,INTERNET-7466,9881249.91
2025-12-19 15:38:20+00:00,CR,22475.27,SALES-POS-6228,9903725.18
2025-12-20 04:38:31+00:00,CR,34734.29,INVOICE-PAYMENT-7022,9938459.47
2025-12-20 20:47:09+00:00,DR,10209.06,FEE-PENALTY-7808,9928250.41
2025-12-20 22:31:59+00:00,CR,107232.54,UPI-CUSTOMER-8795,10035482.95
2025-12-21 08:55:28+00:00,DR,77797.84,VENDOR-PAYMENT-6374,9957685.11
2025-12-21 15:36:14+00:00,DR,18543.94,RAW-MATERIAL-8029,9939141.17
2025-12-22 04:39:59+00:00,CR,88487.35,INVOICE-PAYMENT-3693,10027628.52
2025-12-23 22:17:20+00:00,DR,62832.71,RAW-MATERIAL-5462,9964795.81
2025-12-24 11:52:37+00:00,CR,44012.36,NEFT-CLIENT-9630,10008808.17
2025-12-24 13:20:47+00:00,DR,25073.72,RAW-MATERIAL-3482,9983734.45
2025-12-24 19:44:49+00:00,DR,50732.15,SUPPLIER-RTGS-2827,9933002.3
2025-12-26 03:00:03+00:00,DR,4717.72,ELECTRICITY-3999,9928284.58
2025-12-26 09:20:25+00:00,CR,76537.52,SALES-POS-3725,10004822.1
2025-12-26 15:57:42+00:00,DR,12670.79,CASH-ATM-6204,9992151.31
2025-12-26 22:25:37+00:00,CR,15785.54,INVOICE-PAYMENT-1650,10007936.85
2025-12-26 23:52:28+00:00,DR,75882.73,SUPPLIER-RTGS-5178,9932054.12
2025-12-27 00:50:40+00:00,CR,95305.62,INVOICE-PAYMENT-1442,10027359.74
2025-12-27 16:47:41+00:00,DR,60401.73,SUPPLIER-RTGS-5542,9966958.01
2025-12-28 14:05:53+00:00,CR,120482.69,SALES-POS-6060,10087440.7
2025-12-29 02:45:06+00:00,CR,12135.24,UPI-CUSTOMER-7387,10099575.94
2025-12-29 08:12:58+00:00,CR,40126.19,SALES-POS-6714,10139702.13
2025-12-29 14:54:35+00:00,CR,95237.66,SALES-POS-2477,10234939.79
2025-12-30 04:19:50+00:00,DR,10130.38,CASH-ATM-6967,10224809.41
2025-12-30 21:46:07+00:00,DR,1025.39,OFFICE-RENT-9427,10223784.02
2025-12-31 00:32:37+00:00,DR,6270.8,EMI-LOAN-3485,10217513.22
2025-12-31 07:22:32+00:00,DR,4723.99,INTERNET-6930,10212789.23
2025-12-31 08:25:55+00:00,DR,1246.19,FEE-PENALTY-3302,10211543.04
2025-12-31 20:10:33+00:00,CR,27546.2,SALES-POS-4665,10239089.24
2026-01-01 04:04:52+00:00,CR,32850.06,INVOICE-PAYMENT-9384,10271939.3
2026-01-01 05:47:06+00:00,CR,121468.93,UPI-CUSTOMER-2279,10393408.23
2026-01-02 12:42:35+00:00,DR,2286.84,WATER-6350,10391121.39
2026-01-02 21:28:53+00:00,DR,30093.87,SUPPLIER-RTGS-3417,10361027.52
2026-01-03 19:28:52+00:00,DR,13425.88,EMI-LOAN-1986,10347601.64
2026-01-04 00:57:35+00:00,DR,14410.62,CASH-ATM-8136,10333191.02
2026-01-04 02:38:22+00:00,CR,40225.77,NEFT-CLIENT-7395,10373416.79
2026-01-04 06:41:00+00:00,CR,83189.85,INVOICE-PAYMENT-2414,10456606.64
2026-01-04 09:25:34+00:00,DR,1406.44,WATER-5690,10455200.2
2026-01-04 13:47:48+00:00,CR,110636.17,SALES-POS-3935,10565836.37
2026-01-05 06:35:24+00:00,DR,57124.17,RAW-MATERIAL-6279,10508712.2
2026-01-05 23:05:40+00:00,CR,133465.9,INVOICE-PAYMENT-8451,10642178.1
2026-01-07 00:23:22+00:00,CR,110172.29,NEFT-CLIENT-7915,10752350.39
2026-01-07 04:46:10+00:00,CR,15968.31,UPI-CUSTOMER-8777,10768318.7
2026-01-07 11:43:28+00:00,CR,46051.34,NEFT-CLIENT-3785,10814370.04
2026-01-07 18:26:33+00:00,CR,59399.07,UPI-CUSTOMER-2068,10873769.11
2026-01-07 19:22:47+00:00,DR,1004.35,WATER-2082,10872764.76
2026-01-09 16:54:45+00:00,DR,53078.22,VENDOR-PAYMENT-4370,10819686.54
2026-01-09 19:35:58+00:00,CR,30177.49,SALES-POS-2568,10849864.03
2026-01-10 03:41:52+00:00,DR,1058.24,OFFICE-RENT-4664,10848805.79
2026-01-11 00:42:26+00:00,DR,3962.35,INTERNET-1632,10844843.44
2026-01-11 13:52:36+00:00,DR,38624.27,VENDOR-PAYMENT-1518,10806219.17
2026-01-11 15:46:27+00:00,CR,94708.77,SALES-POS-7808,10900927.94
2026-01-11 16:55:30+00:00,DR,18224.96,SUPPLIER-RTGS-8834,10882702.98
2026-01-11 21:56:13+00:00,CR,14571.35,INVOICE-PAYMENT-4064,10897274.33
2026-01-12 02:31:07+00:00,CR,62083.31,UPI-CUSTOMER-9192,10959357.64
2026-01-12 02:48:28+00:00,CR,40393.81,SALES-POS-7240,10999751.45
2026-01-12 17:30:56+00:00,DR,51357.56,SUPPLIER-RTGS-9700,10948393.89
2026-01-12 23:31:23+00:00,DR,2494.98,OFFICE-RENT-9420,10945898.91
2026-01-13 06:00:57+00:00,CR,23192.37,UPI-CUSTOMER-4506,10969091.28
2026-01-13 09:31:43+00:00,DR,60369.71,VENDOR-PAYMENT-1126,10908721.57
2026-01-13 13:41:07+00:00,DR,3229.12,EMI-LOAN-7488,10905492.45
2026-01-13 18:58:36+00:00,CR,78439.7,NEFT-CLIENT-6493,10983932.15
2026-01-13 20:36:52+00:00,DR,521.13,CASH-ATM-4150,10983411.02
2026-01-13 21:03:52+00:00,DR,12163.68,RAW-MATERIAL-3840,10971247.34
2026-01-13 21:40:23+00:00,DR,57350.18,SUPPLIER-RTGS-3972,10913897.16
2026-01-14 00:09:27+00:00,DR,4870.25,OFFICE-RENT-3983,10909026.91
2026-01-14 19:32:46+00:00,DR,43393.19,SUPPLIER-RTGS-3428,10865633.72
2026-01-15 07:57:13+00:00,CR,62068.82,NEFT-CLIENT-8397,10927702.54
2026-01-15 08:24:41+00:00,DR,31302.4,RAW-MATERIAL-5978,10896400.14
2026-01-16 13:53:19+00:00,DR,23309.09,SUPPLIER-RTGS-9011,10873091.05
2026-01-16 19:09:30+00:00,CR,140531.02,INVOICE-PAYMENT-4620,11013622.07
2026-01-16 19:21:47+00:00,DR,65801.26,RAW-MATERIAL-8891,10947820.81
2026-01-17 00:04:07+00:00,CR,43903.12,INVOICE-PAYMENT-2018,10991723.93
2026-01-17 13:43:03+00:00,DR,12085.39,EMI-LOAN-2649,10979638.54
2026-01-18 02:33:40+00:00,DR,2439.7,OFFICE-RENT-5991,10977198.84
2026-01-18 21:17:22+00:00,DR,6118.04,CASH-ATM-2516,10971080.8
2026-01-19 01:12:02+00:00,CR,46810.03,UPI-CUSTOMER-3070,11017890.83
2026-01-19 17:49:57+00:00,DR,12371.55,FEE-PENALTY-7223,11005519.28
2026-01-19 20:52:33+00:00,DR,3708.3,INTERNET-6445,11001810.98
2026-01-20 19:13:54+00:00,CR,49330.7,SALES-POS-3165,11051141.68
2026-01-20 23:19:38+00:00,CR,23644.93,UPI-CUSTOMER-8540,11074786.61
2026-01-21 00:38:35+00:00,DR,9269.91,CASH-ATM-8861,11065516.7
2026-01-22 02:07:21+00:00,DR,4646.02,EMI-LOAN-8900,11060870.68
2026-01-23 04:09:25+00:00,CR,39058.77,UPI-CUSTOMER-3702,11099929.45
2026-01-23 04:55:27+00:00,DR,17479.12,SUPPLIER-RTGS-4481,11082450.33
2026-01-23 16:30:10+00:00,CR,36746.53,UPI-CUSTOMER-6054,11119196.86
2026-01-23 18:15:12+00:00,CR,77737.06,SALES-POS-2861,11196933.92
2026-01-23 22:40:56+00:00,CR,68160.13,NEFT-CLIENT-9241,11265094.05
2026-01-24 13:03:58+00:00,DR,24673.01,VENDOR-PAYMENT-4278,11240421.04
2026-01-24 15:46:10+00:00,DR,6271.75,FEE-PENALTY-4327,11234149.29
2026-01-25 17:20:47+00:00,CR,26659.72,UPI-CUSTOMER-7900,11260809.01
2026-01-26 03:06:51+00:00,DR,4053.67,INTERNET-1316,11256755.34
2026-01-26 12:49:50+00:00,CR,81337.56,NEFT-CLIENT-6330,11338092.9
2026-01-26 20:12:04+00:00,CR,46153.95,SALES-POS-6043,11384246.85
2026-01-27 06:04:09+00:00,DR,11706.08,SUPPLIER-RTGS-7817,11372540.77
2026-01-28 01:50:59+00:00,DR,9050.77,FEE-PENALTY-9790,11363490.0
2026-01-28 05:10:21+00:00,CR,21965.41,SALES-POS-4773,11385455.41
2026-01-28 08:00:10+00:00,DR,43799.71,VENDOR-PAYMENT-4896,11341655.7
2026-01-28 08:38:26+00:00,DR,13424.36,CASH-ATM-3054,11328231.34
2026-01-28 10:54:55+00:00,DR,4766.55,WATER-8001,11323464.79
2026-01-28 12:36:36+00:00,DR,2544.23,INTERNET-7194,11320920.56
2026-01-28 17:32:52+00:00,DR,14346.27,FEE-PENALTY-9794,11306574.29
2026-01-29 03:42:42+00:00,DR,4053.09,WATER-7578,11302521.2
2026-01-29 16:46:20+00:00,CR,82981.24,NEFT-CLIENT-4121,11385502.44
2026-01-30 03:56:31+00:00,CR,89216.3,UPI-CUSTOMER-8854,11474718.74
2026-01-30 04:01:51+00:00,DR,14456.54,FEE-PENALTY-2528,11460262.2
2026-01-30 15:34:23+00:00,DR,11601.73,FEE-PENALTY-2124,11448660.47
2026-01-31 02:17:46+00:00,DR,47987.21,RAW-MATERIAL-1869,11400673.26
2026-01-31 21:20:58+00:00,CR,93277.15,NEFT-CLIENT-4390,11493950.41
2026-02-01 15:42:44+00:00,DR,58564.05,VENDOR-PAYMENT-8956,11435386.36
2026-02-01 17:05:32+00:00,DR,51331.59,RAW-MATERIAL-9114,11384054.77
2026-02-01 23:24:59+00:00,DR,28665.29,SUPPLIER-RTGS-6869,11355389.48
2026-02-02 17:02:59+00:00,DR,46206.23,VENDOR-PAYMENT-6109,11309183.25
2026-02-02 18:39:47+00:00,DR,66377.02,SUPPLIER-RTGS-5846,11242806.23
2026-02-03 10:20:57+00:00,DR,34325.5,SUPPLIER-RTGS-2554,11208480.73
2026-02-03 13:58:47+00:00,DR,11435.27,EMI-LOAN-7549,11197045.46
2026-02-04 11:19:11+00:00,DR,33579.43,RAW-MATERIAL-7261,11163466.03
2026-02-04 15:46:42+00:00,DR,25278.94,VENDOR-PAYMENT-8012,11138187.09
2026-02-06 01:24:24+00:00,DR,8085.98,FEE-PENALTY-2487,11130101.11
2026-02-06 08:51:01+00:00,DR,13684.7,CASH-ATM-4419,11116416.41
2026-02-06 11:31:50+00:00,CR,74212.49,UPI-CUSTOMER-8309,11190628.9
2026-02-06 11:33:37+00:00,DR,1089.98,OFFICE-RENT-2301,11189538.92
2026-02-06 23:50:51+00:00,DR,23802.91,VENDOR-PAYMENT-3955,11165736.01
2026-02-07 15:29:33+00:00,DR,8125.22,CASH-ATM-8100,11157610.79
2026-02-07 18:26:14+00:00,DR,48272.48,RAW-MATERIAL-9311,11109338.31
2026-02-08 03:22:37+00:00,DR,10709.44,EMI-LOAN-9263,11098628.87
2026-02-08 06:07:45+00:00,DR,2082.88,WATER-2186,11096545.99
2026-02-08 10:29:58+00:00,DR,34885.37,RAW-MATERIAL-3106,11061660.62
2026-02-08 18:08:25+00:00,CR,11535.47,INVOICE-PAYMENT-5301,11073196.09
2026-02-08 22:41:17+00:00,DR,1770.11,WATER-3408,11071425.98
2026-02-09 09:13:16+00:00,DR,4930.8,INTERNET-5933,11066495.18
2026-02-09 18:56:31+00:00,CR,70650.57,UPI-CUSTOMER-8861,11137145.75
2026-02-09 19:03:10+00:00,DR,3967.2,WATER-9265,11133178.55
2026-02-09 22:17:05+00:00,DR,44966.59,SUPPLIER-RTGS-5969,11088211.96
2026-02-13 08:10:07+00:00,DR,5374.95,EMI-LOAN-9478,11082837.01
2026-02-13 11:20:18+00:00,CR,54870.92,UPI-CUSTOMER-2011,11137707.93
2026-02-13 18:05:00+00:00,CR,130679.02,UPI-CUSTOMER-3685,11268386.95
2026-02-14 20:28:10+00:00,DR,1098.56,ELECTRICITY-2316,11267288.39
2026-02-14 21:20:21+00:00,CR,90863.98,NEFT-CLIENT-7529,11358152.37
2026-02-15 04:10:11+00:00,DR,1650.07,ELECTRICITY-4346,11356502.3
2026-02-15 09:05:28+00:00,CR,17314.68,SALES-POS-9491,11373816.98
2026-02-15 16:21:39+00:00,CR,71252.35,SALES-POS-6577,11445069.33
2026-02-15 17:21:00+00:00,CR,21547.83,NEFT-CLIENT-2736,11466617.16
2026-02-15 17:25:36+00:00,DR,3442.81,INTERNET-2463,11463174.35
2026-02-15 23:24:47+00:00,DR,9423.43,EMI-LOAN-4968,11453750.92
2026-02-17 03:28:36+00:00,DR,1654.34,WATER-7576,11452096.58
2026-02-17 04:12:33+00:00,DR,64124.75,SUPPLIER-RTGS-4142,11387971.83
2026-02-17 08:16:17+00:00,DR,65432.84,RAW-MATERIAL-6825,11322538.99
2026-02-17 13:57:28+00:00,DR,74655.49,RAW-MATERIAL-2559,11247883.5
2026-02-18 05:04:51+00:00,DR,2398.02,FEE-PENALTY-2385,11245485.48
2026-02-18 05:33:04+00:00,DR,39720.84,SUPPLIER-RTGS-2394,11205764.64
2026-02-18 06:33:06+00:00,DR,68079.53,SUPPLIER-RTGS-6246,11137685.11
2026-02-19 06:35:26+00:00,CR,75387.28,UPI-CUSTOMER-2948,11213072.39
2026-02-20 05:11:32+00:00,DR,4769.99,INTERNET-6106,11208302.4
2026-02-20 21:39:34+00:00,DR,9102.46,CASH-ATM-2811,11199199.94
2026-02-21 05:51:59+00:00,DR,9010.26,CASH-ATM-4193,11190189.68
2026-02-21 16:15:15+00:00,DR,50509.76,SUPPLIER-RTGS-3665,11139679.92
2026-02-21 17:54:20+00:00,DR,29990.46,SUPPLIER-RTGS-4654,11109689.46
2026-02-21 19:22:48+00:00,CR,114350.67,UPI-CUSTOMER-9297,11224040.13
2026-02-21 19:43:34+00:00,CR,124679.98,NEFT-CLIENT-7503,11348720.11
2026-02-21 21:33:06+00:00,DR,51762.28,VENDOR-PAYMENT-6891,11296957.83
2026-02-22 23:56:36+00:00,DR,13029.16,CASH-ATM-9484,11283928.67
2026-02-23 02:53:03+00:00,DR,925.9,FEE-PENALTY-8386,11283002.77
2026-02-24 08:10:01+00:00,CR,75029.53,NEFT-CLIENT-1372,11358032.3
2026-02-24 10:28:03+00:00,DR,1639.5,FEE-PENALTY-9384,11356392.8
2026-02-25 04:25:17+00:00,DR,55390.47,SUPPLIER-RTGS-4594,11301002.33
2026-02-26 14:34:59+00:00,CR,125432.49,UPI-CUSTOMER-8054,11426434.82
2026-02-27 05:58:07+00:00,DR,11165.03,EMI-LOAN-5063,11415269.79
2026-02-27 11:35:43+00:00,DR,11042.17,FEE-PENALTY-8803,11404227.62
2026-02-28 15:20:19+00:00,DR,48637.38,RAW-MATERIAL-5220,11355590.24
2026-02-28 22:16:55+00:00,DR,3287.63,ELECTRICITY-2428,11352302.61
2026-03-01 05:14:37+00:00,CR,148137.0,SALES-POS-5884,11500439.61
2026-03-01 11:06:46+00:00,DR,2014.81,OFFICE-RENT-9422,11498424.8
2026-03-01 14:26:13+00:00,DR,8500.47,FEE-PENALTY-1466,11489924.33
2026-03-01 14:31:28+00:00,DR,47264.05,RAW-MATERIAL-7234,11442660.28
2026-03-01 21:04:36+00:00,DR,48230.32,VENDOR-PAYMENT-3132,11394429.96
2026-03-01 22:30:57+00:00,CR,145941.25,SALES-POS-2831,11540371.21
2026-03-03 06:16:19+00:00,DR,4891.32,OFFICE-RENT-3701,11535479.89
2026-03-03 08:21:48+00:00,DR,66560.76,VENDOR-PAYMENT-1620,11468919.13
2026-03-03 09:24:13+00:00,CR,77328.71,UPI-CUSTOMER-9368,11546247.84
2026-03-03 10:09:59+00:00,DR,2667.66,FEE-PENALTY-5155,11543580.18
2026-03-04 01:16:32+00:00,DR,4101.55,INTERNET-4113,11539478.63
2026-03-04 17:03:23+00:00,DR,12919.38,EMI-LOAN-5837,11526559.25
2026-03-04 17:54:55+00:00,CR,6492.67,SALES-POS-1696,11533051.92
2026-03-04 23:41:56+00:00,DR,72511.05,SUPPLIER-RTGS-8426,11460540.87
2026-03-06 06:15:43+00:00,DR,3141.3,FEE-PENALTY-8529,11457399.57
2026-03-06 15:46:10+00:00,DR,13923.49,EMI-LOAN-4339,11443476.08
2026-03-07 00:22:22+00:00,CR,24742.81,NEFT-CLIENT-8852,11468218.89
2026-03-07 05:08:34+00:00,DR,2971.73,OFFICE-RENT-8560,11465247.16
2026-03-07 06:55:53+00:00,CR,86283.27,SALES-POS-9125,11551530.43
2026-03-07 12:37:39+00:00,DR,64510.03,VENDOR-PAYMENT-3044,11487020.4
2026-03-07 19:47:43+00:00,CR,114212.92,INVOICE-PAYMENT-5146,11601233.32
2026-03-08 03:55:40+00:00,CR,117921.45,NEFT-CLIENT-5378,11719154.77
2026-03-08 07:13:35+00:00,CR,99978.46,NEFT-CLIENT-4013,11819133.23
2026-03-09 14:28:41+00:00,DR,8550.86,FEE-PENALTY-5914,11810582.37
2026-03-10 01:23:59+00:00,CR,44074.11,INVOICE-PAYMENT-2646,11854656.48
2026-03-10 02:03:34+00:00,DR,18747.86,SUPPLIER-RTGS-7932,11835908.62
2026-03-10 12:49:35+00:00,DR,3545.73,OFFICE-RENT-6040,11832362.89
2026-03-10 21:48:56+00:00,CR,41034.18,INVOICE-PAYMENT-8801,11873397.07
2026-03-10 22:05:59+00:00,CR,115891.43,UPI-CUSTOMER-2335,11989288.5
2026-03-11 03:46:22+00:00,DR,75031.6,RAW-MATERIAL-8929,11914256.9
2026-03-11 16:01:24+00:00,DR,18519.68,RAW-MATERIAL-2929,11895737.22
2026-03-11 18:16:03+00:00,CR,99877.3,INVOICE-PAYMENT-2967,11995614.52
2026-03-11 20:20:47+00:00,CR,115497.03,INVOICE-PAYMENT-6855,12111111.55
2026-03-14 08:44:01+00:00,CR,69034.67,INVOICE-PAYMENT-5930,12180146.22
2026-03-14 10:28:47+00:00,DR,42573.51,VENDOR-PAYMENT-9826,12137572.71
2026-03-14 16:21:36+00:00,DR,4931.1,WATER-4515,12132641.61
